<collection xmlns="http://www.loc.gov/MARC21/slim">
<record>
  <leader>01947nam0a2200349 i 450 </leader>
  <controlfield tag="001">IT\ICCU\CNCE\001750</controlfield>
  <controlfield tag="005">20091224000000.0</controlfield>
  <datafield tag="012" ind1=" " ind2=" ">
    <subfield code="a">e:no isoR dei- subo (C) 1521 (R)</subfield>
    <subfield code="2">fei</subfield>
  </datafield>
  <datafield tag="100" ind1=" " ind2=" ">
    <subfield code="a">19970101d1521        0itac0103    ba</subfield>
  </datafield>
  <datafield tag="101" ind1=" " ind2=" ">
    <subfield code="a">LAT</subfield>
  </datafield>
  <datafield tag="102" ind1=" " ind2=" ">
    <subfield code="a">IT</subfield>
  </datafield>
  <datafield tag="200" ind1="1" ind2=" ">
    <subfield code="a">Libellus spiritualis doctrine ac multiplicium visionum &amp; consolationum diuinarum Angele de Fulgineo</subfield>
  </datafield>
  <datafield tag="210" ind1=" " ind2=" ">
    <subfield code="e">Venetiis</subfield>
    <subfield code="g">per Ioannem Antonium &amp; fratres de Sabio</subfield>
    <subfield code="g">sumptu</subfield>
    <subfield code="h">&amp; requisitione Laurentii Lorii</subfield>
    <subfield code="h">1521 die xiiii Octobris</subfield>
  </datafield>
  <datafield tag="215" ind1=" " ind2=" ">
    <subfield code="a">\104! c.</subfield>
    <subfield code="d">8ʻ</subfield>
  </datafield>
  <datafield tag="620" ind1=" " ind2=" ">
    <subfield code="a">IT</subfield>
    <subfield code="d">Venezia</subfield>
  </datafield>
  <datafield tag="700" ind1=" " ind2="0">
    <subfield code="a">Angela</subfield>
    <subfield code="c"> : da#Foligno</subfield>
    <subfield code="3">IT\ICCU\CNCA\000709</subfield>
  </datafield>
  <datafield tag="712" ind1="0" ind2="0">
    <subfield code="a">Lorio, Lorenzo</subfield>
    <subfield code="3">IT\ICCU\CNCT\000607</subfield>
    <subfield code="4">650</subfield>
  </datafield>
  <datafield tag="712" ind1="0" ind2="0">
    <subfield code="a">Nicolini da Sabbio, Giovanni Antonio &amp; fratelli</subfield>
    <subfield code="3">IT\ICCU\CNCT\000133</subfield>
    <subfield code="4">650</subfield>
  </datafield>
  <datafield tag="791" ind1="0" ind2="0">
    <subfield code="a">Orius, Laurentius</subfield>
    <subfield code="3">IT\ICCU\CNCT\003013</subfield>
    <subfield code="z">Lorio, Lorenzo</subfield>
  </datafield>
  <datafield tag="791" ind1="0" ind2="0">
    <subfield code="a">Lorius, Laurentius</subfield>
    <subfield code="3">IT\ICCU\CNCT\004977</subfield>
    <subfield code="z">Lorio, Lorenzo</subfield>
  </datafield>
  <datafield tag="801" ind1=" " ind2="3">
    <subfield code="a">IT</subfield>
    <subfield code="b">ICCU</subfield>
    <subfield code="c">20201113</subfield>
  </datafield>
  <datafield tag="899" ind1=" " ind2=" ">
    <subfield code="a">Biblioteca statale. Cremona</subfield>
    <subfield code="1">CR0062</subfield>
    <subfield code="2">LO1 28</subfield>
  </datafield>
  <datafield tag="899" ind1=" " ind2=" ">
    <subfield code="a">Biblioteca nazionale centrale. Firenze</subfield>
    <subfield code="1">FI0098</subfield>
    <subfield code="2">CFI CF</subfield>
  </datafield>
  <datafield tag="899" ind1=" " ind2=" ">
    <subfield code="a">Biblioteca comunale. Foligno</subfield>
    <subfield code="1">PG0035</subfield>
    <subfield code="2">UM1 04</subfield>
  </datafield>
  <datafield tag="899" ind1=" " ind2=" ">
    <subfield code="a">Biblioteca nazionale centrale. Roma</subfield>
    <subfield code="1">RM0267</subfield>
    <subfield code="2">BVE CR</subfield>
  </datafield>
  <datafield tag="899" ind1=" " ind2=" ">
    <subfield code="a">Biblioteca dell&apos;Accademia dei Concordi. Rovigo</subfield>
    <subfield code="1">RO0049</subfield>
    <subfield code="2">ROV AC</subfield>
  </datafield>
  <datafield tag="899" ind1=" " ind2=" ">
    <subfield code="a">Biblioteca comunale. Grosio</subfield>
    <subfield code="1">SO0019</subfield>
    <subfield code="2">ZSO 08</subfield>
  </datafield>
  <datafield tag="899" ind1=" " ind2=" ">
    <subfield code="a">British Library. London</subfield>
    <subfield code="1">UK0001</subfield>
  </datafield>
  <datafield tag="899" ind1=" " ind2=" ">
    <subfield code="a">Biblioteca civica Bertoliana. Vicenza</subfield>
    <subfield code="1">VI0096</subfield>
    <subfield code="2">VIA BE</subfield>
  </datafield>
  <datafield tag="911" ind1=" " ind2=" ">
    <subfield code="a">A c. n8v</subfield>
    <subfield code="9">IT\ICCU\CNCM\000558</subfield>
  </datafield>
  <datafield tag="921" ind1=" " ind2=" ">
    <subfield code="a">IT\ICCU\CNCM\000170</subfield>
    <subfield code="b">Cerchio con croce doppia e iniziali L.L.P.</subfield>
    <subfield code="c">K243</subfield>
    <subfield code="c">V391</subfield>
    <subfield code="c">Z259</subfield>
    <subfield code="f">CERCHIO</subfield>
    <subfield code="f">CROCE</subfield>
    <subfield code="f">LLP</subfield>
    <subfield code="g">1521-1525</subfield>
  </datafield>
  <datafield tag="921" ind1=" " ind2=" ">
    <subfield code="a">IT\ICCU\CNCM\000558</subfield>
    <subfield code="b">S. Caterina d&apos;Alessandria vicino alla ruota dentata tiene una palma nella mano sinistra e un libro nella destra. In alto a sinistra iniziali L. Lo.</subfield>
    <subfield code="c">K244</subfield>
    <subfield code="c">V390</subfield>
    <subfield code="c">Z221</subfield>
    <subfield code="d">La marca pu ̣essere accompagnata dalle iniziali L. P. oppure L. Lo. oppure Lo. L.</subfield>
    <subfield code="f">LIBRO</subfield>
    <subfield code="f">LP</subfield>
    <subfield code="f">PALMA</subfield>
    <subfield code="f">RUOTA</subfield>
    <subfield code="f">SCATERINA</subfield>
    <subfield code="g">1521-1526</subfield>
  </datafield>
</record>
</collection>
